<?xml version="1.0" encoding="UTF-8"?><collection xmlns="http://www.loc.gov/MARC21/slim"><record><leader>00586nam--2200205-u-4500</leader><controlfield tag="001">000053433</controlfield><controlfield tag="002">20161230</controlfield><controlfield tag="005">20161230201051</controlfield><controlfield tag="008">110404s1000------------r-----000-0-eng-d</controlfield><datafield ind1=" " ind2=" " tag="020"><subfield code="a">0201503972</subfield></datafield><datafield ind1=" " ind2=" " tag="040"><subfield code="a">IFIN-HH</subfield></datafield><datafield ind1=" " ind2=" " tag="080"><subfield code="a">539.12:531.18:530.145:537.8</subfield></datafield><datafield ind1="1" ind2=" " tag="100"><subfield code="a">Peskin, M.E</subfield></datafield><datafield ind1="1" ind2="0" tag="245"><subfield code="a">An introduction to quantum field theory</subfield><subfield code="c">Michael e. peskin; daniel v. schroeder</subfield></datafield><datafield ind1=" " ind2=" " tag="260"><subfield code="a">New York</subfield><subfield code="b">Westview Press</subfield><subfield code="c">1995</subfield></datafield><datafield ind1=" " ind2=" " tag="300"><subfield code="a">842P</subfield></datafield><datafield ind1=" " ind2=" " tag="490"><subfield code="a">The Advanced Book Program</subfield></datafield><datafield ind1=" " ind2="4" tag="650"><subfield code="a">Gauge fields (Physics)</subfield></datafield><datafield ind1=" " ind2=" " tag="852"><subfield code="a">81725</subfield><subfield code="c">530.145</subfield></datafield><datafield ind1=" " ind2=" " tag="CAT"><subfield code="a">Sys</subfield><subfield code="c">20110404</subfield><subfield code="h">145933</subfield></datafield></record></collection>